
Entrada BibTeX
@misc{wiki_atari,
	author = {{Wikipedia contributors}},
	month = {06},
	title = {{Asteroids (video game)}},
	url = {https://en.wikipedia.org/wiki/Asteroids_(video_game)},
	year = {2021},
}
